<?xml version="1.0" encoding="UTF-8"?><collection xmlns="http://www.loc.gov/MARC21/slim"><record><leader>00338nam--2200133-i-4500</leader><controlfield tag="001">000041161</controlfield><controlfield tag="002">20161230</controlfield><controlfield tag="005">20161230201043</controlfield><controlfield tag="008">060222s1000------------r-----000-0-eng-d</controlfield><datafield ind1=" " ind2=" " tag="100"><subfield code="a">Seeger, R</subfield></datafield><datafield ind1=" " ind2=" " tag="245"><subfield code="a">Aymond j</subfield></datafield><datafield ind1=" " ind2=" " tag="260"><subfield code="a">Men Of Physics: Galileo Galieli, His Life And His Works</subfield></datafield><datafield ind1=" " ind2=" " tag="490"><subfield code="a">Selected Reading In Physics</subfield></datafield><datafield ind1=" " ind2=" " tag="852"><subfield code="a">92:53</subfield></datafield></record></collection>